@misc{USDOT_Dams_NTAD,
  author       = {U.S. Department of Transportation, Bureau of Transportation Statistics},
  title        = {Dams â€“ Dataset (National Transportation Atlas Database, NTAD)},
  howpublished = {\url{https://geodata.bts.gov/datasets/usdot::dams/about}},
  year         = {2025},
  note         = {Accessed: 2025-10-21}
}
a